@INPROCEEDINGS{Rodriguez,

  author={E. R. {Rodriguez} and O. {Becu} and D. {Coppola} and L. {Duquerroy} and R. {Rinaldo} and A. {Schoenenberg} and A. {Ginati}},
  booktitle={2012 IEEE First AESS European Conference on Satellite Telecommunications (ESTEL)}, 
  title={Integrated applications demonstration projects: Showcases of user-driven applications demonstration projects combining Satellite Earth Observation, Navigation and Telecommunications technologies}, 
  year={2012},
  volume={},
  number={},
  pages={1-6},
  doi={10.1109/ESTEL.2012.6400135}}
  
@INPROCEEDINGS{5418289,
  author={C. {Xia} and J. {Li} and Q. {Liu} and Q. {Liu} and Y. {Tang} and Y. {Yao}},
  booktitle={2009 IEEE International Geoscience and Remote Sensing Symposium}, 
  title={Study on operational applications in crop growth and drought monitoring using multiple satellite data: Case study in Xinjiang, China}, 
  year={2009},
  volume={3},
  number={},
  pages={III-451-III-454},
  doi={10.1109/IGARSS.2009.5418289}}

@INPROCEEDINGS{9211252,
  author={T. {Prasandy} and  {Titan} and D. F. {Murad} and T. {Darwis}},
  booktitle={2020 International Conference on Information Management and Technology (ICIMTech)},
  title={Migrating Application from Monolith to Microservices}, 
  year={2020},
  volume={},
  number={},
  pages={726-731},
  doi={10.1109/ICIMTech50083.2020.9211252}}
  
@INPROCEEDINGS{5533967,
  author={J. {Petillo} and D. {Panagos} and S. {Ovtchinnikov} and A. {Burke} and C. {Kostas} and B. {Held} and J. {DeFord} and E. {Nelson} and K. {Nguyen} and E. {Wright} and K. {Jensen} and B. {Levush}},
  booktitle={2010 Abstracts IEEE International Conference on Plasma Science}, 
  title={Status of the michelle code and applications}, 
  year={2010},
  volume={},
  number={},
  pages={1-1},
  doi={10.1109/PLASMA.2010.5533967}}
  
   @misc{field_2021, 
   title={Wild ride for London's Bitcoin companies as digital coin tumbles}, url={https://www.telegraph.co.uk/technology/2021/01/21/wild-ride-londons-bitcoin-companies-digital-coin-tumbles/},
   journal={The Telegraph},
   publisher={Telegraph Media Group},
   author={Field, Matthew},
   year={2021},
   month={Jan},
   urldate={2021-02-01}}

